@inproceedings{baruah2011response,
  title={Response-time analysis for mixed criticality systems},
  author={Baruah, Sanjoy K and Burns, Alan and Davis, Robert I},
  booktitle={Real-Time Systems Symposium (RTSS), 2011 IEEE 32nd},
  pages={34--43},
  year={2011},
  organization={IEEE}
}

@inproceedings{baruah2011mixed,
  title={Mixed-Criticality Scheduling of Sporadic Task Systems.},
  author={Baruah, Sanjoy K and Bonifaci, Vincenzo and D'Angelo, Gianlorenzo and Marchetti-Spaccamela, Alberto and Van Der Ster, Suzanne and Stougie, Leen},
  booktitle={ESA},
  pages={555--566},
  year={2011},
  organization={Springer}
}

@inproceedings{diaz2002probabilistic,
  title={Probabilistic analysis of the response time in a real-time system},
  author={D{\'\i}az, Jos{\'e} Luis and L{\'o}pez, Jos{\'e} Mar{\'\i}a and Garc{\'\i}a, Daniel Fernando},
  booktitle={Proc. of the 1st CARTS Workshop on Advanced Real-time Technologies},
  year={2002}
}

@inproceedings{diaz2002stochastic,
  title={Stochastic analysis of periodic real-time systems},
  author={D{\'\i}az, Jos{\'e} Luis and Garc{\'\i}a, Daniel F and Kim, Kanghee and Lee, Chang-Gun and Bello, L Lo and L{\'o}pez, Jos{\'e} Mar{\'\i}a and Min, Sang Lyul and Mirabella, Orazio},
  booktitle={Real-Time Systems Symposium, 2002. RTSS 2002. 23rd IEEE},
  pages={289--300},
  year={2002},
  organization={IEEE}
}

@article{diaz2003stochastic,
  title={Stochastic analysis of the steady-state backlog in periodic real-time systems},
  author={D{\'\i}az, Jos{\'e} Luis and L{\'o}pez, Jos{\'e} Mar{\'\i}a and Garc{\'\i}a, Daniel F},
  journal={Departamento de Inform{\'a}tica, University of Oviedo, Tech. Rep},
  year={2003}
}

@inproceedings{maxim2016probabilistic,
  title={Probabilistic analysis for mixed criticality scheduling with {SMC} and {AMC}},
  author={Maxim, Dorin and Davis, Robert Ian and Cucu-Grosjean, Liliana and Easwaran, Arvind},
  booktitle={Proceedings Workshop on Mixed Criticality systems (WMC) 2016},
  year={2016},
  organization={York}
}

@article{burns2013mixed,
  title={Mixed criticality systems-a review},
  author={Burns, Alan and Davis, Robert},
  journal={Department of Computer Science, University of York, Tech. Rep},
  year={2013}
}

@inproceedings{ramanathan2016evaluation,
  title={Evaluation of Mixed-Criticality Scheduling Algorithms using a Fair Taskset Generator},
  author={Ramanathan, Saravanan and Easwaran, Arvind},
  booktitle={Proceedings of the International Workshop on Analysis Tools and Methodologies for Embedded and Real-time Systems (WATERS) 2016},
  year={2016},
  url = {"http://www.example.com"}
}

@article{bini2005measuring,
  title={Measuring the performance of schedulability tests},
  author={Bini, Enrico and Buttazzo, Giorgio C},
  journal={Real-Time Systems},
  volume={30},
  number={1},
  pages={129--154},
  year={2005},
  publisher={Springer}
}

@inproceedings{vestal2007preemptive,
  title={Preemptive scheduling of multi-criticality systems with varying degrees of execution time assurance},
  author={Vestal, Steve},
  booktitle={Real-Time Systems Symposium, 2007. RTSS 2007. 28th IEEE International},
  pages={239--243},
  year={2007},
  organization={IEEE}
}